@Book{expertsystems98,
	author		= "Chris Nikolopoulos",
	title 		= "Expert Systems",
	publisher 	= "CRC Press; 1 edition",
	year 		= "1997",
}

@Unpublished{flexsystems09,
	author 	= "Paul Roach",
	title 	= "Techniques handout 3",
	note 	= "Module CS4S22, Lecture Note",
	year	= "2009",
}

@Book{flexandbison09,
	author		= "John R. Levine",
	title 		= "Flex \& Bison",
	publisher 	= "O'Reilly Media",
	year 		= "2009",
}
